34100000         208165715000106                    00076 000000070007 9Uppertools Teste              BANCO ITAU SA                           12305201411083900000104000000                                                      000            
34100021R0100030 2008165715000106                    00076 000000070007 9Uppertools Teste                                                                                              000000022305201423052014                                 
3410002300001P 0100006 000000070007 9109980000017        000000000000000     2905201400000000000279600000 01S23052014029052014000000000000009000000000000000000000000000000000000000000000000000000            UNC00000000083000000000000000000 
3410002300001Q 012061902722000126Sport Club Corinthians Paulist          Sao Jorge                00777          Tatuape        03087000Sao Paulo      SP0000000000000000                                        000                            
3410002300002P 0100006 000000070007 9109980000025        000000000000000     2905201400000000000509200000 01S23052014029052014000000000000017000000000000000000000000000000000000000000000000000000            UNC00000000093000000000000000000 
3410002300002Q 012053296307000148Cia Athletica                           Kansas                   01582          Brooklin Novo  04589000Sao Paulo      SP0000000000000000                                        000                            
34100025         00000600000600000000000007888000000000000000000000000000000000000000000000000000000000000000000000                                                                                                                             
34199999         000002000008000000                                                                                                                                                                                                             
