01REMESSA01COBRANCA       582300007793        TESTE BS  ICEFRESH INDUSTRIA E341000000000000000230915                                                                                                                                                                                                                                                                                                      000001
10244465029000114582300007793    0000UNC0000011570            100000000000000000000109                     I01N7513/1   23091500000000010513410000001N230915999900000000000010000000000000000000000000000000000000000000000244465029000114PETS PRODUTOS ALIMENTICIOS LTD          AV JOSE FORTUNATO MOLINA 3120           DISTRITO IND17034310BAURU          SP                                  23091500 000002
9                                                                                                                                                                                                                                                                                                                                                                                                         000003
